% This file was created with JabRef 2.6.
% Encoding: UTF8
@BOOK {AND92,
title = {Infectious diseases of humans: dynamics and control.},
author = {Anderson, R. H. and May, Robert M. },
year = {1992},
publisher = {Oxford University Press},
address = {Oxford and New York},
}
@ARTICLE {HEE15,
title = {Modeling infectious disease dynamics in the complex landscape of global health},
author = {Heesterbeek, Hans},
journal = {Science},
year = {2015},
month = {March},
volume = {347},
number = {6227},
doi = {10.1126/science.aaa4339},
}
@ARTICLE{Caunt2001,
  author = {{Caunt}, S.~E. and {Korpi}, M.~J.},
  title = {{A 3D MHD model of astrophysical flows: Algorithms, tests and parallelisation}},
  journal = {\aap},
  year = {2001},
  volume = {369},
  pages = {706-728},
  month = apr,
  adsnote = {Provided by the SAO/NASA Astrophysics Data System},
  adsurl = {http://adsabs.harvard.edu/abs/2001A%26A...369..706C},
  doi = {10.1051/0004-6361:20010157},
  eprint = {arXiv:astro-ph/0102068},
  keywords = {MAGNETOHYDRODYNAMICS, TURBULENCE, SHOCK WAVES, METHODS: NUMERICAL,
	GALAXIES: ISM, ACCRETION, ACCRETION DISKS}
}


@ARTICLE{Kaplan2009,
  author = {{Kaplan}, D.~L. and {Chatterjee}, S. and {Hales}, C.~A. and {Gaensler},
	B.~M. and {Slane}, P.~O.},
  title = {{Constraining the Proper Motions of Two Magnetars}},
  journal = {\aj},
  year = {2009},
  volume = {137},
  pages = {354-366},
  month = jan,
  adsnote = {Provided by the SAO/NASA Astrophysics Data System},
  adsurl = {http://adsabs.harvard.edu/abs/2009AJ....137..354K},
  archiveprefix = {arXiv},
  doi = {10.1088/0004-6256/137/1/354},
  eprint = {0810.4184},
  keywords = {astrometry, pulsars: general, stars: individual: SGR 1900+14 1E2259+58.6,
	stars: neutron, X-rays: stars}
}

@ARTICLE{Tian2010,
  author = {{Tian}, W.~W. and {Leahy}, D.~A. and {Li}, D.},
  title = {{Distance to the SNR CTB109/AXP1E2259+586 by HI absorption and self-absorption}},
  journal = {\mnras},
  year = {2010},
  volume = {404},
  pages = {L1-L5},
  month = may,
  adsnote = {Provided by the SAO/NASA Astrophysics Data System},
  adsurl = {http://adsabs.harvard.edu/abs/2010MNRAS.404L...1T},
  archiveprefix = {arXiv},
  doi = {10.1111/j.1745-3933.2010.00822.x},
  eprint = {1002.1093},
  keywords = {pulsars: individual: AXP1E2259+586, HII regions, supernova remnants},
  primaryclass = {astro-ph.GA}
}
